<record><leader>00000cas a22000007a 4500</leader><controlfield tag="001">1769906</controlfield><controlfield tag="008">751101d19061974mnuwr ne      0    0eng d</controlfield><datafield ind1=" " ind2=" " tag="010"><subfield code="a">sn 90057663 </subfield></datafield><datafield ind1=" " ind2=" " tag="040"><subfield code="a">MUL</subfield><subfield code="b">eng</subfield><subfield code="c">MUL</subfield><subfield code="d">MN#</subfield><subfield code="d">OCLCQ</subfield><subfield code="d">OCLCF</subfield><subfield code="d">OCLCO</subfield></datafield><datafield ind1=" " ind2=" " tag="042"><subfield code="a">msc</subfield></datafield><datafield ind1=" " ind2=" " tag="043"><subfield code="a">n-us-mn</subfield></datafield><datafield ind1=" " ind2=" " tag="052"><subfield code="a">4144</subfield><subfield code="b">W65</subfield></datafield><datafield ind1=" " ind2=" " tag="052"><subfield code="a">4143</subfield><subfield code="b">N6</subfield></datafield><datafield ind1="0" ind2="4" tag="245"><subfield code="a">The Wilmont tribune.</subfield></datafield><datafield ind1=" " ind2=" " tag="260"><subfield code="a">Wilmont, Nobles County, Minn. :</subfield><subfield code="b">P.J. Wagner,</subfield><subfield code="c">-1974.</subfield></datafield><datafield ind1=" " ind2=" " tag="300"><subfield code="a">v.</subfield></datafield><datafield ind1=" " ind2=" " tag="310"><subfield code="a">Weekly</subfield></datafield><datafield ind1="1" ind2=" " tag="362"><subfield code="a">Began Aug. 24, 1906.</subfield></datafield><datafield ind1="0" ind2=" " tag="362"><subfield code="a">-v. 74, no. 9 (Jan. 24, 1974).</subfield></datafield><datafield ind1=" " ind2=" " tag="530"><subfield code="a">Available on microfilm from the Minnesota Historical Society.</subfield></datafield><datafield ind1=" " ind2=" " tag="588"><subfield code="a">Description based on: Vol. 41, no. 48 (Mar. 12, 1942).</subfield></datafield><datafield ind1=" " ind2="0" tag="651"><subfield code="a">Wilmont (Minn.)</subfield><subfield code="v">Newspapers.</subfield></datafield><datafield ind1=" " ind2="7" tag="655"><subfield code="a">Newspapers.</subfield><subfield code="2">fast</subfield><subfield code="0">(OCoLC)fst01423814</subfield></datafield><datafield ind1=" " ind2="7" tag="651"><subfield code="a">Minnesota</subfield><subfield code="z">Wilmont.</subfield><subfield code="2">fast</subfield><subfield code="0">(OCoLC)fst01260694</subfield></datafield><datafield ind1=" " ind2=" " tag="752"><subfield code="a">United States</subfield><subfield code="b">Minnesota</subfield><subfield code="c">Nobles</subfield><subfield code="d">Wilmont.</subfield></datafield><datafield ind1="0" ind2="0" tag="780"><subfield code="t">Wilmont initiator</subfield><subfield code="w">(DLC)sn 90057662</subfield></datafield><datafield ind1="0" ind2="5" tag="780"><subfield code="t">Lismore free press (Lismore, Minn. : 1933)</subfield><subfield code="w">(DLC)sn 90057657</subfield></datafield><datafield ind1="0" ind2="4" tag="785"><subfield code="t">Nobles County review</subfield><subfield code="w">(DLC)sn 90057647</subfield></datafield></record>